<record><leader>00000cas a22000007a 4500</leader><controlfield tag="001">10580487</controlfield><controlfield tag="008">840330d18711880wauwr ne      0    0eng d</controlfield><datafield ind1=" " ind2=" " tag="010"><subfield code="a">sn 84022793 </subfield></datafield><datafield ind1=" " ind2=" " tag="040"><subfield code="a">NPX</subfield><subfield code="b">eng</subfield><subfield code="c">NPX</subfield><subfield code="d">NPU</subfield><subfield code="d">NPY</subfield><subfield code="d">DLC</subfield><subfield code="d">SLZ</subfield><subfield code="d">CNK</subfield><subfield code="d">OCLCQ</subfield><subfield code="d">OCLCF</subfield><subfield code="d">OCLCO</subfield></datafield><datafield ind1=" " ind2=" " tag="042"><subfield code="a">msc</subfield></datafield><datafield ind1=" " ind2=" " tag="043"><subfield code="a">n-us-wa</subfield></datafield><datafield ind1="0" ind2="0" tag="245"><subfield code="a">Puget Sound dispatch.</subfield></datafield><datafield ind1=" " ind2=" " tag="260"><subfield code="a">Seattle, Wash. Terr. :</subfield><subfield code="b">Larrabee &amp; Co.</subfield></datafield><datafield ind1=" " ind2=" " tag="300"><subfield code="a">v.</subfield></datafield><datafield ind1=" " ind2=" " tag="310"><subfield code="a">Weekly</subfield></datafield><datafield ind1="0" ind2=" " tag="362"><subfield code="a">Vol. 1, no. 1 (Dec. 4, 1871)-v. 8, [no.] 46 (Oct. 4, 1880).</subfield></datafield><datafield ind1=" " ind2=" " tag="500"><subfield code="a">Publishers: Larrabee &amp; Co., 1871-1872; Brown &amp; Son, 1872-1874; B. Brown, 1874-1875; Brown &amp; Bell, 1875-1876; Thos. B. Merry, 1876-&lt;1877&gt;.</subfield></datafield><datafield ind1=" " ind2="0" tag="651"><subfield code="a">Seattle (Wash.)</subfield><subfield code="v">Newspapers.</subfield></datafield><datafield ind1=" " ind2="7" tag="655"><subfield code="a">Newspapers.</subfield><subfield code="2">fast</subfield><subfield code="0">(OCoLC)fst01423814</subfield></datafield><datafield ind1=" " ind2="7" tag="651"><subfield code="a">Washington (State)</subfield><subfield code="z">Seattle.</subfield><subfield code="2">fast</subfield><subfield code="0">(OCoLC)fst01204940</subfield></datafield><datafield ind1=" " ind2=" " tag="752"><subfield code="a">United States</subfield><subfield code="b">Washington</subfield><subfield code="c">King</subfield><subfield code="d">Seattle.</subfield></datafield><datafield ind1="0" ind2=" " tag="775"><subfield code="t">Evening dispatch (Seattle, Wash.)</subfield><subfield code="w">(DLC)sn 87093371</subfield></datafield><datafield ind1="0" ind2=" " tag="775"><subfield code="t">Morning dispatch (Seattle, Wash.)</subfield><subfield code="w">(DLC)sn 87093372</subfield></datafield></record>